<record><leader>00000cas a22000007a 4500</leader><controlfield tag="001">18265774</controlfield><controlfield tag="008">880725d194819uualuwr ne      0    0eng d</controlfield><controlfield tag="009">5547</controlfield><datafield ind1=" " ind2=" " tag="010"><subfield code="a">sn 88050130 </subfield></datafield><datafield ind1=" " ind2=" " tag="040"><subfield code="a">CPN</subfield><subfield code="b">eng</subfield><subfield code="c">CPN</subfield><subfield code="d">OCLCQ</subfield></datafield><datafield ind1=" " ind2=" " tag="042"><subfield code="a">msc</subfield></datafield><datafield ind1="0" ind2="4" tag="245"><subfield code="a">The Arab enterprise.</subfield></datafield><datafield ind1=" " ind2=" " tag="260"><subfield code="a">Arab, Ala. :</subfield><subfield code="b">W.M. Steakley,</subfield><subfield code="c">1948-</subfield></datafield><datafield ind1=" " ind2=" " tag="310"><subfield code="a">Weekly</subfield></datafield><datafield ind1="0" ind2=" " tag="362"><subfield code="a">Vol. 1, no. 1 (July 29, 1948)-</subfield></datafield><datafield ind1=" " ind2=" " tag="752"><subfield code="a">United States</subfield><subfield code="b">Alabama</subfield><subfield code="c">Marshall</subfield><subfield code="d">Arab.</subfield></datafield></record>